@article {AR_def,
	author = "Patrick Schueffe",
    title = "The-Concise-FINTECH-COMPENDIUM",
    year = "2017"
}

@article {augmentReal,
	author = "Seokhee Jeon; Seungmoon Choi",
    title = "Stiffness modulation for Haptic Augmented Reality: Extension to 3D interaction",
    year = "2010"
}

@article {metaverse2,
	author = "Stylianos Mystakidis",
    title = "Metaverse",
    year = "2022"
}

@article {metaverse,
	author = "John David N. Dionisio; William G. Burns III; Richard Gilbert",
    title = "3D Virtual worlds and the metaverse: Current status and future possibilities",
    year = "2013"
}

@article {haptic1,
	author = {"Imtiaj Ahmed; Ville Harjunen; Giulio Jacucci; Eve Hoggans"},
    title = {"Reach out and touch me: effects of four distinct haptic technologies on affective touch in virtual reality"},
    year = 2016
}

@article {haptic2,
	author = "ae-Heon Yang; Jin Ryong Kim; Hanbit Jin; Hyunjae Gil; Jeong-Hoi Koo; Hye Jin Kim",
    title = "Recent Advances and Opportunities of Active Materials for Haptic Technologies in Virtual and Augmented Reality",
    year = "2021"
}

@article {virtualReal,
	author = "M. Marchal; G. Gallagher; A. Lécuyer, C. Pacchierotti",
    title = "Can Stiffness Sensations Be Rendered in Virtual Reality Using Mid-air Ultrasound Haptic Technologies ?",
    year = "2020"
}

@article {haptic3,
	author = "Abdulmotaleb El Saddik",
    title = "The Potential of Haptics Technologies",
    year = "2007"
}

@article {haptic4,
	author = "Nur Atiqa; Natrah Mansor; Muhammad Herman; bin Jamaluddin; Ahmad zaki hj shukor",
    title = "Concept and application of virtual reality haptic technology: A review",
    year = "2017"
}

@article {haptic5,
	author = "M.Sreelakshmi; T.D.Subas",
    title = "Haptic Technology: A comprehensive review on its applications and future prospects",
    year = "2017"
}

@article {haptic6,
	author = "André Zenner; Kristin Ullmann; Antonio Krüger",
    title = "Combining Dynamic Passive Haptics and Haptic Retargeting for Enhanced Haptic Feedback in Virtual Reality",
    year = "2021"
}

@article {haptic7,
	author = "Changhyun Choi; Yuan Ma; M. Cynthia Hipwel",
    title = "Surface haptic rendering of virtual shapes through change in surface temperature",
    year = "2022"
}

@article {TBHMI,
	author = "Shuo GaoShuo; YanHang Zhao; Arokia Nathan",
    title = "Touch-Based Human-Machine Interaction",
    year = "2021"
}

@article {teslasuit,
    author = "Teslasuit",
    title = "TESLASUIT DK1 SPECIFICATION",
    year = "2021"
}

@article {hapticTemperature,
	author = "Steve Kuhlmann",
    title = "Temperature variation could help new touchscreen technology simulate virtual shapes",
    year = "2022"
}

@article {ethics,
	author = "Carlos Bermejo Fernandez; Pan Hui",
    title = "Life, the Metaverse and Everything: An Overview of Privacy, Ethics, and Governance in Metaverse",
    year = "2022"
}

@article {soundAndHapic,
    author = "Luca Turchet; Rolf Nordahl; Stefania Serafin; Amir Berrezag; Smilen Dimitrov; Vincent Hayward",
    title = "Audio-haptic physically-based simulation of walking on different grounds",
    year = "2010"
}

@article {soundAndHapic2,
    author = "Ernst Kruijff; Aeldrik Pander",
    title = "Experiences of using Shockwaves for Haptic Sensations",
    year = "2005"
}

@article {ISO-vibration,
    author = "ISO",
    title = "Mechanical vibration and shock — Evaluation of human exposure to whole-body vibrations",
    year = "1997"
}

@article{shahabi_comparison_2002,
	title = {A comparison of different haptic compression techniques},
	author = {Shahabi, C. and Ortega, A. and Kolahdouzan, M.R.},
	year = {2002}
}

@article{you_haptic_2008,
	title = {Haptic {Data} {Transmission} {Based} on the {Prediction} and {Compression}},
	author = {You, Y. and Sung, M. Y.},
	year = {2008}
}

@article {hapticglove,
    author = {Oliver Ozioko; Ravinder S. Dahiya}, 
    title = {Experiences of using Shockwaves for Haptic Sensations},
    year = {2021} 
}

@article {hapticaptor, 
    author = {Jose Dionisio; Volker Henrich; Udo Jakob; Alexander Rettig}, 
    title = {The virtual touch: Haptic interfaces in virtual environments}, 
    year = {1997}
} 

@article {hapticsuit, 
    author = {Hiroaki Yano; Tetsuro Ogi; Michitaka Hirose}, 
    title = {Development of Haptic Suit for Whole Human Body Using Vibrators}, 
    year = {1998} 
} 

@article {hapticglove1, 
    author = {Mark Paterson}, 
    title = {The Senses of Touch: Haptics, Affects and Technologies}, 
    year = {2020} 
} 

@article {hapticexperience, 
    author = {Hiroaki Yano; Tetsuro Ogi; Michitaka Hirose}, 
    title = {Development of Haptic Suit for Whole Human Body Using Vibrators}, 
    year = {1998} 
}

@article {humancomputer, 
    author = {Nem Khan Dim; Xiangshi Ren}, 
    title = {Investigation of Suitable Body Parts for Wearable Vibration Feedback in Walking Navigation}, 
    year = {2016} 
}

@article {whc, 
    author = {Oleg Špakov; Jussi Rantala; Poika Isokoski}, 
    title = {Sequential and simultaneous tactile stimulation with multiple actuators on head, neck and back for gaze cuing}, 
    year = {2015} 
}

@article {neural-haptic,
author = "Changjin Wan; Pingqiang Cai; Xintong Guo; Ming Wang; Naoji Matsuhisa; Le Yang;  Zhisheng; Yifei Luo; Xian Jun Loh; Xiaodong Chen",
title = "An artificial sensory neuron with visual-haptic fusion",
year = "2020"
}
